@book{heiss2016,
	AUTHOR = {Heiss, Florian},
	YEAR = {2016},
	TITLE = {{U}sing {R} for {I}ntroductory {E}conometrics},
	PUBLISHER = {{C}reateSpace {I}ndependent {P}ublishing {P}latform},
	URL = {http://www.urfie.net/}
}

@book{Wasserman2004,
  title={All of Statistics: A Concise Course in Statistical Inference},
  author={Wasserman, Larry},
  volume={26},
  year={2004},
  publisher={Springer}
}

@book{Hayashi2000,
  title={Econometrics},
  author={Hayashi, Fumio},
  publisher={Princeton University Press},
  year={2000}
}

@article{Hanck_et_al_2019,
  title={Introduction to Econometrics with {R}},
  author={Hanck, Christoph and Arnold, Martin and Gerber, Alexander and Schmelzer, Martin},
  publisher={University of Duisburg-Essen},
  url={www.econometrics-with-r.org},
  year={2021}
}

@article{LB2000,
 author = {Bruce G. Lindsay and Prasanta Basak},
 journal = {The American Statistician},
 number = {4},
 pages = {248--251},
 title = {Moments Determine the Tail of a Distribution (But Not Much Else)},
 volume = {54},
 year = {2000}
}

@article{AR1949,
  title={Estimation of the parameters of a single equation in a complete system of stochastic equations},
  author={Anderson, Theodore W and Rubin, Herman},
  journal={Annals of Mathematical Statistics},
  volume={20},
  number={1},
  pages={46--63},
  year={1949}
}

@article{White1980,
  title={A heteroskedasticity-consistent covariance matrix estimator and a direct test for heteroskedasticity},
  author={White, Halbert},
  journal={Econometrica},
  pages={817--838},
  year={1980}
}

@article{Cribari_2004,
  title={Asymptotic inference under heteroskedasticity of unknown form},
  author={Cribari-Neto, Francisco},
  journal={Computational Statistics \& Data Analysis},
  volume={45},
  number={2},
  pages={215--233},
  year={2004}
}

@article{Long_Ervin_2000,
  title={Using heteroscedasticity consistent standard errors in the linear regression model},
  author={Long, J Scott and Ervin, Laurie H},
  journal={The American Statistician},
  volume={54},
  number={3},
  pages={217--224},
  year={2000}
}

@article{MacKinnon_White_1985,
  title={Some heteroskedasticity-consistent covariance matrix estimators with improved finite sample properties},
  author={MacKinnon, James G and White, Halbert},
  journal={Journal of Econometrics},
  volume={29},
  number={3},
  pages={305--325},
  year={1985}
}

@article{Haavelmo1944,
  title={The probability approach in econometrics},
  author={Haavelmo, Trygve},
  journal={Econometrica},
  pages={iii-vi+1-115},
  volume = {12},
  year={1944}
}

@book{Hansen2022,
  title	= {{E}conometrics},
  author	= {Hansen, Bruce},
  year	= {2022},
  publisher	= {Princeton University Press}
}

@book{kleiber2008,
  title	= {{A}pplied {E}conometrics with {R}},
  author	= {Kleiber, C. and Zeileis, A.},
  year	= {2008},
  publisher	= {{S}pringer}
}

@book{stock2015,
  title={{I}ntroduction to {E}conometrics},
  author={Stock, J.H. and Watson, M.W.},
  year={2015},
  publisher={{P}earson {E}ducation}
}

@Book{xie2015,
  title = {{D}ynamic {D}ocuments with {R} and knitr},
  author = {Yihui Xie},
  year = {2015},
  publisher = {{C}hapman and {H}all/{CRC}},
  url = {http://yihui.name/knitr/}
}

@book{wooldridge2016
,	author = {Wooldridge, Jeffrey}
,	title = {{I}ntroductory {E}conometrics}
,	publisher = {{C}engage {L}earning}
,	year = {2016}
,	edition = {Sixth}

}

@article{card1994
,	title	= {{M}inimum {W}ages and {E}mployment: {A} {C}ase {S}tudy of the {F}ast-{F}ood {I}ndustry in {N}ew {J}ersey and {P}ennsylvania}
,	author	= {Card, D. and Krueger, Alan B.}
,	journal	= {The American Economic Review}
,	volume	= {84}
,	number	= {4}
,	pages	= {772--793}
,	year	= {1994}
}

@techreport{card1993,
  title={Using geographic variation in college proximity to estimate the return to schooling},
  author={Card, D.},
  year={1993},
  institution={National Bureau of Economic Research}
}

@article{granger1969
,	title	= {{I}nvestigating {C}ausal {R}elations by {E}conometric {M}odels and {C}ross-{S}pectral {M}ethods}
,	author	= {Granger, C.W.J.}
,	journal	= {{E}conometrica}
,	volume	= {37}
,	issue   	= {3}
,	pages	= {424--438}
,	year	= {1969}
,	publisher	= {{T}he {E}conometric {S}ociety}
}

@article{dickey1979
,	title	= {{D}istribution of the {E}stimators for {A}utoregressive {T}ime {S}eries With a {U}nit {R}oot}
,	author	= {Dickey, David A. and Fuller, Wayne A.}
,	journal	= {{J}ournal of the {A}merican {S}tatistical {A}ssociation}
,	volume	= {74}
,	number	= {366}
,	pages	= {pp. 427-431}
,	issn	= {01621459}
,	year	= {1979}
,	publisher	= {{A}merican {S}tatistical {A}ssociation}
}

@article{chow1960
,	title	= {{T}ests of {E}quality {B}etween {S}ets of {C}oefficients in {T}wo {L}inear {R}egressions}
,	author	= {Chow, Gregory C.}
,	journal	= {{E}conometrica}
,	volume	= {28}
,	number   	= {3}
,	pages	= {591--605}
,	year	= {1960}
,	publisher	= {{T}he {E}conometric {S}ociety}
}

@article{quandt1960
, author = {Quandt, Richard E. }
, title = {{T}ests of the {H}ypothesis {T}hat a {L}inear {R}egression {S}ystem {O}beys {T}wo {S}eparate {R}egimes}
, journal = {{J}ournal of the {A}merican {S}tatistical {A}ssociation}
, volume = {55}
, number = {290}
, pages = {324-330}
, year  = {1960}
, publisher = {{T}aylor & {F}rancis}
, doi = {10.1080/01621459.1960.10482067}
}

@article{newey1987
,	title	= {{A} {S}imple, {P}ositive {S}emi-definite, {H}eteroskedasticity and {A}utocorrelation {C}onsistent {C}ovariance {M}atrix}
,	author	= {Newey, Whitney K. and West, Kenneth D.}
,	journal	= {{E}conometrica}
,	year	= {1987}
,	volume	= {55}
,	issue	= {3}
,	pages	= {703--08}
}

@article{cochrane1949,
author = {Cochrane, D.  and  Orcutt,  G. H },
title = {{A}pplication of {L}east {S}quares {R}egression to {R}elationships {C}ontaining {A}uto-{C}orrelated {E}rror {T}erms},
journal = {{J}ournal of the {A}merican {S}tatistical {A}ssociation},
volume = {44},
number = {245},
pages = {32-61},
year  = {1949},
publisher = {{T}aylor & {F}rancis},
doi = {10.1080/01621459.1949.10483290}
}

@article{elliott1996,
  author={Elliott, Graham and Rothenberg, Thomas J and Stock, James H},
  title={{Efficient Tests for an Autoregressive Unit Root}},
  journal={Econometrica},
  year={1996},
  volume={64},
  number={4},
  pages={813-836}
}

@book{Billingsley2008,
  title={Probability and Measure},
  author={Billingsley, Patrick},
  year={2008},
  publisher={John Wiley \& Sons}
}

@article{engle1987,
title = {{Co-integration and Error Correction: Representation, Estimation and Testing}},
author = {Engle, Robert and Granger, Clive},
year = {1987},
journal = {Econometrica},
volume = {55},
number = {2},
pages = {251-76}
}

@book{Vaart2000,
  title={Asymptotic Statistics},
  author={Van der Vaart, Aad W},
  volume={3},
  year={2000},
  publisher={Cambridge university press}
}

@article{engle1982,
title = {Autoregressive Conditional Heteroscedasticity with Estimates of the Variance of United Kingdom Inflation},
author = {Engle, Robert},
year = {1982},
journal = {Econometrica},
volume = {50},
number = {4},
pages = {987-1007}
}

@article{mackinnon1985
,	title	= {{Some heteroskedasticity-consistent covariance matrix estimators with improved finite sample properties}}
,	author	= {MacKinnon, James G and White, Halbert}
,	journal	= {Journal of Econometrics}
,	volume	= {29}
,	number	= {3}
,	pages	= {305--325}
,	year	= {1985}
,	publisher	= {Elsevier}
}

@article{bollerslev1986,
title = {{Generalized Autoregressive Conditional Heteroskedasticity}},
author = {Bollerslev, Tim},
year = {1986},
journal = {Journal of Econometrics},
volume = {31},
number = {3},
pages = {307-327}
}

@manual{venables2010,
  author = {Venables, W. N. and Smith, D. M.},
  title = {{A}n {I}ntroduction to {R}},
  url = {https://cran.r-project.org/doc/manuals/r-release/R-intro.pdf},
  year = {2010}
}

@article{Altman_Bland_1995,
  title={Statistics notes: Absence of evidence is not evidence of absence},
  author={Altman, Douglas G and Bland, J Martin},
  journal={British Medical Journal},
  volume={311},
  number={7003},
  pages={485},
  year={1995},
  publisher={British Medical Journal Publishing Group}
}

